@book{bertsekas2012dynamic,
    title={Dynamic Programming and Optimal Control: Volume I},
    author={Bertsekas, D.},
    isbn={9781886529434},
    series={Athena scientific optimization and computation series},
    url={https://books.google.com/books?id=qVBEEAAAQBAJ},
    year={2012},
    publisher={Athena Scientific}
}

@misc{dnd_beyond,
    title = {DND Beyond},
    url = {https://www.dndbeyond.com/},
}

@misc{dnd_wiki,
    title = {DND 5e Wiki},
    url = {http://dnd5e.wikidot.com/},
}

@mis{dnd_wizards,
    title = {Wizards of the West - Dungeons \& Dragons},
    url = {http://dnd.wizards.com/}
}